@book{perry,
    author    = "Jacquelin Perry",
    title     = "Gait Analysis: Normal and Pathological Function",
    publisher = "SLACK Inc",
    year      = "1992",
    address   = "New York"
}
